% Encoding: windows-1252

@article{Wilson:1974sk,
    author = "Wilson, Kenneth G.",
    editor = "Taylor, J. C.",
    title = "{Confinement of Quarks}",
    reportNumber = "CLNS-262",
    doi = "10.1103/PhysRevD.10.2445",
    journal = "Phys. Rev. D",
    volume = "10",
    pages = "2445--2459",
    year = "1974"
}

@inproceedings{Wilson:1975id,
    author = "Wilson, Kenneth G.",
    title = "{Quarks and Strings on a Lattice}",
    booktitle = "{13th International School of Subnuclear Physics: New Phenomena in Subnuclear Physics}",
    reportNumber = "CLNS-321",
    month = "11",
    year = "1975"
}

@article{Ginsparg:1981bj,
    author = "Ginsparg, Paul H. and Wilson, Kenneth G.",
    title = "{A Remnant of Chiral Symmetry on the Lattice}",
    reportNumber = "CLNS-81-520, HUTP-81-A060",
    doi = "10.1103/PhysRevD.25.2649",
    journal = "Phys. Rev. D",
    volume = "25",
    pages = "2649",
    year = "1982"
}


@article{Nielsen:1980rz,
    author = "Nielsen, Holger Bech and Ninomiya, M.",
    editor = "Julve, J. and Ram\'on-Medrano, M.",
    title = "{Absence of Neutrinos on a Lattice. 1. Proof by Homotopy Theory}",
    reportNumber = "RL-80-090",
    doi = "10.1016/0550-3213(82)90011-6",
    journal = "Nucl. Phys. B",
    volume = "185",
    pages = "20",
    year = "1981",
    note = "[Erratum: Nucl.Phys.B 195, 541 (1982)]"
}

@article{Nielsen:1981hk,
    author = "Nielsen, Holger Bech and Ninomiya, M.",
    title = "{No Go Theorem for Regularizing Chiral Fermions}",
    reportNumber = "RL-81-052",
    doi = "10.1016/0370-2693(81)91026-1",
    journal = "Phys. Lett. B",
    volume = "105",
    pages = "219--223",
    year = "1981"
}

CHECK:
@article{Neuberger:1997fp,
    author = "Neuberger, Herbert",
    title = "{Exactly massless quarks on the lattice}",
    eprint = "hep-lat/9707022",
    archivePrefix = "arXiv",
    reportNumber = "RU-97-63",
    doi = "10.1016/S0370-2693(97)01368-3",
    journal = "Phys. Lett. B",
    volume = "417",
    pages = "141--144",
    year = "1998"
}

@article{Frezzotti:2000nk,
    author = "Frezzotti, Roberto and Grassi, Pietro Antonio and Sint, Stefan and Weisz, Peter",
    collaboration = "Alpha",
    title = "{Lattice QCD with a chirally twisted mass term}",
    eprint = "hep-lat/0101001",
    archivePrefix = "arXiv",
    reportNumber = "CERN-TH-2000-384, MPI-PHT-2000-51, BICOCCA-FT-0027, NYU-TH-00-09-13",
    doi = "10.1088/1126-6708/2001/08/058",
    journal = "JHEP",
    volume = "08",
    pages = "058",
    year = "2001"
}

@article{Frezzotti:1999vv,
    author = "Frezzotti, Roberto and Grassi, Pietro Antonio and Sint, Stefan and Weisz, Peter",
    editor = "Campostrini, M. and Caracciolo, S. and Cosmai, L. and Di Giacomo, A. and Rossi, P. and Rapuano, F.",
    title = "{A Local formulation of lattice QCD without unphysical fermion zero modes}",
    eprint = "hep-lat/9909003",
    archivePrefix = "arXiv",
    reportNumber = "MPI-PHT-99-32, ROM2F-99-28",
    doi = "10.1016/S0920-5632(00)91852-8",
    journal = "Nucl. Phys. B Proc. Suppl.",
    volume = "83",
    pages = "941--946",
    year = "2000"
}

@article{Frezzotti:2001ea,
    author = "Frezzotti, Roberto and Sint, Stefan and Weisz, Peter",
    collaboration = "ALPHA",
    title = "{O(a) improved twisted mass lattice QCD}",
    eprint = "hep-lat/0104014",
    archivePrefix = "arXiv",
    reportNumber = "CERN-TH-2001-014, MPI-PHT-2000-52, BICOCCA-FT-01-02",
    doi = "10.1088/1126-6708/2001/07/048",
    journal = "JHEP",
    volume = "07",
    pages = "048",
    year = "2001"
}

@article{Luscher:1984xn,
    author = "Luscher, M. and Weisz, P.",
    title = "{On-shell improved lattice gauge theories}",
    reportNumber = "DESY-84-030",
    doi = "10.1007/BF01205792",
    journal = "Commun. Math. Phys.",
    volume = "98",
    number = "3",
    pages = "433",
    year = "1985",
    note = "[Erratum: Commun.Math.Phys. 98, 433 (1985)]"
}

@article{Luscher:1985zq,
    author = "Luscher, M. and Weisz, P.",
    title = "{Computation of the Action for On-Shell Improved Lattice Gauge Theories at Weak Coupling}",
    reportNumber = "DESY-85-035",
    doi = "10.1016/0370-2693(85)90966-9",
    journal = "Phys. Lett. B",
    volume = "158",
    pages = "250--254",
    year = "1985"
}

@article{Sheikholeslami:1985ij,
    author = "Sheikholeslami, B. and Wohlert, R.",
    title = "{Improved Continuum Limit Lattice Action for QCD with Wilson Fermions}",
    reportNumber = "DESY-85-024",
    doi = "10.1016/0550-3213(85)90002-1",
    journal = "Nucl. Phys. B",
    volume = "259",
    pages = "572",
    year = "1985"
}

@article{Frezzotti:2003ni,
    author = "Frezzotti, R. and Rossi, G. C.",
    title = "{Chirally improving Wilson fermions. 1. O(a) improvement}",
    eprint = "hep-lat/0306014",
    archivePrefix = "arXiv",
    reportNumber = "BICOCCA-FT-03-15, ROM2F-2003-15",
    doi = "10.1088/1126-6708/2004/08/007",
    journal = "JHEP",
    volume = "08",
    pages = "007",
    year = "2004"
}

@article{Shindler:2007vp,
    author = "Shindler, Andrea",
    title = "{Twisted mass lattice QCD}",
    eprint = "0707.4093",
    archivePrefix = "arXiv",
    primaryClass = "hep-lat",
    reportNumber = "DESY-07-080, SFB-CPP-07-25",
    doi = "10.1016/j.physrep.2008.03.001",
    journal = "Phys. Rept.",
    volume = "461",
    pages = "37--110",
    year = "2008"
}

@article{Luscher:1996sc,
    author = "Luscher, Martin and Sint, Stefan and Sommer, Rainer and Weisz, Peter",
    title = "{Chiral symmetry and O(a) improvement in lattice QCD}",
    eprint = "hep-lat/9605038",
    archivePrefix = "arXiv",
    reportNumber = "DESY-96-086, CERN-TH-96-138, MPI-PHT-96-38",
    doi = "10.1016/0550-3213(96)00378-1",
    journal = "Nucl. Phys. B",
    volume = "478",
    pages = "365--400",
    year = "1996"
}

@article{Luscher:2009eq,
    author = "Luscher, Martin",
    title = "{Trivializing maps, the Wilson flow and the HMC algorithm}",
    eprint = "0907.5491",
    archivePrefix = "arXiv",
    primaryClass = "hep-lat",
    reportNumber = "CERN-PH-TH-2009-118",
    doi = "10.1007/s00220-009-0953-7",
    journal = "Commun. Math. Phys.",
    volume = "293",
    pages = "899--919",
    year = "2010"
}

@article{Luscher:2010iy,
    author = {L\"uscher, Martin},
    title = "{Properties and uses of the Wilson flow in lattice QCD}",
    eprint = "1006.4518",
    archivePrefix = "arXiv",
    primaryClass = "hep-lat",
    reportNumber = "CERN-PH-TH-2010-143",
    doi = "10.1007/JHEP08(2010)071",
    journal = "JHEP",
    volume = "08",
    pages = "071",
    year = "2010",
    note = "[Erratum: JHEP 03, 092 (2014)]"
}

@article{Luscher:2013cpa,
    author = "Luscher, Martin",
    title = "{Chiral symmetry and the Yang--Mills gradient flow}",
    eprint = "1302.5246",
    archivePrefix = "arXiv",
    primaryClass = "hep-lat",
    reportNumber = "CERN-PH-TH-2013-023",
    doi = "10.1007/JHEP04(2013)123",
    journal = "JHEP",
    volume = "04",
    pages = "123",
    year = "2013"
}

@article{Neil:2023pgt,
    author = "Neil, Ethan T. and Sitison, Jacob W.",
    title = "{Model averaging approaches to data subset selection}",
    eprint = "2305.19417",
    archivePrefix = "arXiv",
    primaryClass = "stat.ME",
    doi = "10.1103/PhysRevE.108.045308",
    journal = "Phys. Rev. E",
    volume = "108",
    number = "4",
    pages = "045308",
    year = "2023"
}

@article{Neil:2022joj,
    author = "Neil, Ethan T. and Sitison, Jacob W.",
    title = "{Improved information criteria for Bayesian model averaging in lattice field theory}",
    eprint = "2208.14983",
    archivePrefix = "arXiv",
    primaryClass = "stat.ME",
    doi = "10.1103/PhysRevD.109.014510",
    journal = "Phys. Rev. D",
    volume = "109",
    number = "1",
    pages = "014510",
    year = "2024"
}

@inproceedings{Frison:2023jbv,
    author = "Frison, Julien",
    title = "{Bayesian Inference for Contemporary Lattice Quantum Field Theory}",
    booktitle = "{40th International Symposium on Lattice Field Theory}",
    eprint = "2401.00577",
    archivePrefix = "arXiv",
    primaryClass = "hep-lat",
    month = "12",
    year = "2023"
}

@article{Bruno:2022mfy,
    author = "Bruno, Mattia and Sommer, Rainer",
    title = "{On fits to correlated and auto-correlated data}",
    eprint = "2209.14188",
    archivePrefix = "arXiv",
    primaryClass = "hep-lat",
    doi = "10.1016/j.cpc.2022.108643",
    journal = "Comput. Phys. Commun.",
    volume = "285",
    pages = "108643",
    year = "2023"
}


@article{Bruno:2016plf,
    author = "Bruno, Mattia and Korzec, Tomasz and Schaefer, Stefan",
    title = "{Setting the scale for the CLS $2 + 1$ flavor ensembles}",
    eprint = "1608.08900",
    archivePrefix = "arXiv",
    primaryClass = "hep-lat",
    reportNumber = "DESY-16-162, WUB-16-05",
    doi = "10.1103/PhysRevD.95.074504",
    journal = "Phys. Rev. D",
    volume = "95",
    number = "7",
    pages = "074504",
    year = "2017"
}

@phdthesis{Strassberger:2023xnj,
    author = "Stra\ss{}berger, Ben",
    title = "{Towards Higher Precision Lattice QCD Results: Improved Scale Setting and Domain Decomposition Solvers}",
    doi = "10.18452/26517",
    school = "Humboldt U., Berlin",
    year = "2023"
}

@article{Strassberger:2021tsu,
    author = "Strassberger, Ben and others",
    title = "{Scale setting for CLS 2+1 simulations}",
    eprint = "2112.06696",
    archivePrefix = "arXiv",
    primaryClass = "hep-lat",
    reportNumber = "DESY-21-175, WUB/21-05",
    doi = "10.22323/1.396.0135",
    journal = "PoS",
    volume = "LATTICE2021",
    pages = "135",
    year = "2022"
}

@article{FlavourLatticeAveragingGroupFLAG:2021npn,
    author = "Aoki, Y. and others",
    collaboration = "Flavour Lattice Averaging Group (FLAG)",
    title = "{FLAG Review 2021}",
    eprint = "2111.09849",
    archivePrefix = "arXiv",
    primaryClass = "hep-lat",
    reportNumber = "CERN-TH-2021-191, JLAB-THY-21-3528, FERMILAB-PUB-21-620-SCD-T",
    doi = "10.1140/epjc/s10052-022-10536-1",
    journal = "Eur. Phys. J. C",
    volume = "82",
    number = "10",
    pages = "869",
    year = "2022"
}



@Comment{jabref-meta: databaseType:bibtex;}
