% This file was created with JabRef 2.8.1.
% Encoding: Cp1252

@article{Bussone:2024,
    author = "Bussone, Andrea and Conigli, Alessandro and Frison, Julien and Herdo\'\i{}za, Gregorio and Pena, Carlos and Preti, David and S\'aez, Alejandro and Ugarrio, Javier and Angel Romero, Jose",
    title = "{Hadronic physisc from a Wilson fermion mixed-action approach I: Setup and scale setting.}",
    year = "Submitted for publication, 2024"
}

@inproceedings{Saez:2024bwk,
    author = "Saez, Alejandro and Conigli, Alessandro and Frison, Julien and Herdo\'\i{}za, Gregorio and Pena, Carlos",
    title = "{Determination of the Gradient Flow Scale $t_0$ from a Mixed Action with Wilson Twisted Mass Valence Quarks}",
    booktitle = "{40th International Symposium on Lattice Field Theory}",
    eprint = "2401.11546",
    archivePrefix = "arXiv",
    primaryClass = "hep-lat",
    month = "1",
    year = "2024"
}

@article{Bussone:2023kag,
    author = "Bussone, Andrea and Conigli, Alessandro and Frison, Julien and Herdo\'\i{}za, Gregorio and Pena, Carlos and Preti, David and S\'aez, Alejandro and Ugarrio, Javier",
    collaboration = "Alpha",
    title = "{Hadronic physics from a Wilson fermion mixed-action approach: charm quark mass and $D_{(s)}$ meson decay constants}",
    eprint = "2309.14154",
    archivePrefix = "arXiv",
    primaryClass = "hep-lat",
    reportNumber = "IFT-UAM/CSIC-23-114",
    doi = "10.1140/epjc/s10052-024-12816-4",
    journal = "Eur. Phys. J. C",
    volume = "84",
    number = "5",
    pages = "506",
    year = "2024"
}


@article{Conigli:2022kgq,
    author = "Conigli, Alessandro and Frison, Julien and Herdo\'\i{}za, Gregorio and Pena, Carlos and S\'aez, Alejandro and Ugarrio, Javier",
    title = "{Towards precision charm physics with a mixed action}",
    eprint = "2212.11045",
    archivePrefix = "arXiv",
    primaryClass = "hep-lat",
    doi = "10.22323/1.430.0351",
    journal = "PoS",
    volume = "LATTICE2022",
    pages = "351",
    year = "2023"
}

@article{Saez:2022ptd,
    author = "Saez, Alejandro and Conigli, Alessandro and Frison, Julien and Herdoiza, Gregorio and Pena, Carlos and Ugarrio, Javier",
    title = "{Scale Setting from a Mixed Action with Twisted Mass Valence Quarks}",
    doi = "10.22323/1.430.0357",
    journal = "PoS",
    volume = "LATTICE2022",
    pages = "357",
    year = "2023"
}

@article{Bussone:2022wjb,
    author = "Bussone, Andrea and Conigli, Alessandro and Herdoiza, Gregorio and Frison, Julien and Pena, Carlos and Preti, David and Romero, Jose Angel and Saez, Alejandro and Ugarrio, Javier",
    title = "{Light meson physics and scale setting from a mixed action with Wilson twisted mass valence quarks}",
    doi = "10.22323/1.396.0258",
    journal = "PoS",
    volume = "LATTICE2021",
    pages = "258",
    year = "2022"
}

